@Article{	  dervieux2020,
  Author	= {Emmanuel Dervieux and Quentin Bodinier and Wilfried Uhring
		  and Micha\"el Th\'eron},
  Title		= {Measuring Hemoglobin Spectra: Searching for
		  Carbamino-Hemoglobin},
  Volume	= {25},
  Journal	= {Journal of Biomedical Optics},
  Number	= {10},
  Publisher	= {SPIE},
  Pages		= {1--15},
  Keywords	= {spectrophotometry, hemoglobin, pulse oximetry,
		  transcutaneous monitoring, photoplethysmography},
  Year		= {2020},
  Month		= {10},
  DOI		= {10.1117/1.JBO.25.10.105001},
  URL		= {https://doi.org/10.1117/1.JBO.25.10.105001}
}
@Article{	  dervieux2022,
  Author	= {Dervieux, Emmanuel and Th\'eron, Micha\"el and Uhring,
		  Wilfried},
  Title		= {Carbon Dioxide Sensing---Biomedical Applications to Human
		  Subjects},
  Journal	= {Sensors},
  Volume	= {22},
  Year		= {2022},
  Number	= {1},
  article-number= {188},
  URL		= {https://www.mdpi.com/1424-8220/22/1/188},
  ISSN		= {1424-8220},
  DOI		= {10.3390/s22010188}
}
@Article{	  dervieux2023rate,
  Author	= {Dervieux, Emmanuel and Guerrero, Fran{\c{c}}ois and
		  Uhring, Wilfried and Giroux-Metg{\`e}s, Marie-Agn{\`e}s and
		  Th{\'e}ron, Micha{\"e}l},
  Title		= {Skin Temperature Influence on Transcutaneous Carbon
		  Dioxide (CO$_2$) Conductivity and Skin Blood Flow in
		  Healthy Human Subjects at the Arm and Wrist},
  Journal	= {Frontiers in Physiology},
  Year		= {2023},
  Volume	= {14},
  ISSN		= {1664-042X},
  DOI		= {10.3389/fphys.2023.1293752}
}
@InProceedings{	  dervieux2024newcas,
  Author	= {Dervieux, Emmanuel and Uhring, Wilfried},
  Title		= {Dual Lifetime Referencing for Accurate CO2 Sensing: An
		  Experimental in vitro Validation},
  BookTitle	= {2024 22nd IEEE Interregional NEWCAS Conference (NEWCAS)},
  Series	= {2024 22nd IEEE Interregional NEWCAS Conference (NEWCAS)},
  Year		= {2024},
  Pages		= {253--257},
  ISSN		= {2474-9672},
  DOI		= {10.1109/NewCAS58973.2024.10666315}
}
@Article{	  dervieux2024phase,
  Author	= {Dervieux, Emmanuel and Tilquin, Florian and Bisiaux,
		  Alexis and Uhring, Wilfried},
  Title		= {On the Accuracy of Phase Extraction From a Known-Frequency
		  Noisy Sinusoidal Signal},
  Journal	= {In press, APSIPA Transactions on Signal and Information
		  Processing},
  Year		= {2024, Unpublished (arXiv preprint available)},
  URL		= {https://arxiv.org/abs/2402.03935}
}
